@inproceedings{Malone:2014ht,
author = {Malone, Nick and Lesser, Kendra and Oishi, Meeko and Tapia, Lydia},
title = {{Stochastic reachability based motion planning for multiple moving obstacle avoidance}},
booktitle = {HSCC '14: Proceedings of the 17th international conference on Hybrid systems: computation and control},
year = {2014},
pages = {51--60},
publisher = {~ACM  Request Permissions},
address = {New York, New York, USA},
month = apr
}

