@article{schlimmer1981mushroom,
  title={Mushroom records drawn from The Audubon Society field guide to north American mushrooms},
  author={Schlimmer, Jeff},
  journal={GH Lincoff (Pres), New York},
  year={1981}
}
