@inproceedings{wada2012incremental,
  title={Incremental Human Motion Map system and human walking behavior representation in indoor environment},
    author={Wada, Tomotaka and Wang, Zhen and Ogawa, Yuji and Hirata, Yasuhisa and Kosuge, Kazuhiro},
      booktitle={Robotics and Biomimetics (ROBIO), 2012 IEEE International Conference on},
        pages={747--752},
	  year={2012},
	    organization={IEEE}
	    }